<?xml version="1.0" encoding="UTF-8"?><record xmlns="http://www.loc.gov/MARC21/slim" xmlns:cinclude="http://apache.org/cocoon/include/1.0" xmlns:zs="http://www.loc.gov/zing/srw/">
  <leader>00633nz  a2200145n  4500</leader>
  <controlfield tag="001">no2005003711</controlfield>
  <controlfield tag="003">DLC</controlfield>
  <controlfield tag="005">20050114052110.0</controlfield>
  <controlfield tag="008">050113n| acannaabn          |a ana     c</controlfield>
  <datafield tag="010" ind1=" " ind2=" ">
    <subfield code="a">no2005003711</subfield>
  </datafield>
  <datafield tag="035" ind1=" " ind2=" ">
    <subfield code="a">(OCoLC)oca06534360</subfield>
  </datafield>
  <datafield tag="040" ind1=" " ind2=" ">
    <subfield code="a">NNU-L</subfield>
    <subfield code="b">eng</subfield>
    <subfield code="c">NNU-L</subfield>
  </datafield>
  <datafield tag="110" ind1="2" ind2=" ">
    <subfield code="a">Universite휍혖 catholique de Louvain (1970- ).</subfield>
    <subfield code="b">Centre de philosophie du droit</subfield>
  </datafield>
  <datafield tag="410" ind1="2" ind2=" ">
    <subfield code="a">Universite휍혖 catholique de Louvain (1970- ).</subfield>
    <subfield code="b">Centre for the Philosophy of Law</subfield>
  </datafield>
  <datafield tag="670" ind1=" " ind2=" ">
    <subfield code="a">Corporate governance : an institutionalist approach, c2003:</subfield>
    <subfield code="b">p. 7 (Centre de philosophie du droit (Centre for the Philosophy of Law) at the Catholic University of Louvain (Belgium))</subfield>
  </datafield>
</record>